<record><leader>00000cas a22000007a 4500</leader><controlfield tag="001">16145758</controlfield><controlfield tag="008">870708u19uuuuuutxudr ne      0    0eng d</controlfield><datafield ind1=" " ind2=" " tag="010"><subfield code="a">sn 87090434 </subfield></datafield><datafield ind1=" " ind2=" " tag="040"><subfield code="a">PPM</subfield><subfield code="b">eng</subfield><subfield code="c">PPM</subfield><subfield code="d">OCLCQ</subfield></datafield><datafield ind1=" " ind2=" " tag="042"><subfield code="a">msc</subfield></datafield><datafield ind1="0" ind2="4" tag="245"><subfield code="a">The Daily news-Texan.</subfield></datafield><datafield ind1=" " ind2=" " tag="260"><subfield code="a">Grand Prairie, Tex. :</subfield><subfield code="b">[s.n.]</subfield></datafield><datafield ind1=" " ind2=" " tag="310"><subfield code="a">Daily</subfield></datafield><datafield ind1=" " ind2=" " tag="588"><subfield code="a">Description based on: Vol. 52, no. 5 (Nov. 12, 1959).</subfield></datafield><datafield ind1=" " ind2=" " tag="752"><subfield code="a">United States</subfield><subfield code="b">Texas</subfield><subfield code="c">Dallas</subfield><subfield code="d">Grand Prairie.</subfield></datafield><datafield ind1="0" ind2="0" tag="780"><subfield code="t">Grand Prairie news-Texan</subfield></datafield></record>